@book{mitzenmacher2005probability,
  title={Probability and computing: Randomized algorithms and probabilistic analysis},
  author={Mitzenmacher, Michael and Upfal, Eli},
  year={2005},
  publisher={Cambridge university press}
}

@article{gonnet1981expected,
  title={Expected length of the longest probe sequence in hash code searching},
  author={Gonnet, Gaston H},
  journal={Journal of the ACM (JACM)},
  volume={28},
  number={2},
  pages={289--304},
  year={1981},
  publisher={ACM}
}

@phdthesis{mitzenmacher1996power,
  title={The power of two random choices in randomized load balancing},
  author={Mitzenmacher, Michael David},
  year={1996},
  school={PhD thesis, Graduate Division of the University of California at Berkley}
}

@article{azar1999balanced,
  title={Balanced allocations},
  author={Azar, Yossi and Broder, Andrei Z and Karlin, Anna R and Upfal, Eli},
  journal={SIAM journal on computing},
  volume={29},
  number={1},
  pages={180--200},
  year={1999},
  publisher={SIAM}
}

@article{jiang2016proxisch,
  title={Proxisch: An Optimization Approach of Large-Scale Unstable Proxy Servers Scheduling},
  author={Jiang, Xiaoming and Shi, Jinqiao and Tan, Qingfeng and Zhang, Wentao and Wang, Xuebin and Chen, Muqian},
  journal={World Academy of Science, Engineering and Technology, International Journal of Computer, Electrical, Automation, Control and Information Engineering},
  volume={10},
  number={6},
  pages={1149--1154},
  year={2016}
}

@inproceedings{zamani2017torbricks,
  title={TorBricks: Blocking-Resistant Tor Bridge Distribution},
  author={Zamani, Mahdi and Saia, Jared and Crandall, Jedidiah},
  booktitle={International Symposium on Stabilization, Safety, and Security of Distributed Systems},
  pages={426--440},
  year={2017},
  organization={Springer}
}

@inproceedings{mahdian2010fighting,
  title={Fighting censorship with algorithms},
  author={Mahdian, Mohammad},
  booktitle={International Conference on Fun with Algorithms},
  pages={296--306},
  year={2010},
  organization={Springer}
}

@article{mccoy2011proximax,
  title={Proximax: A measurement based system for proxies dissemination},
  author={McCoy, Damon and Morales, Jose Andre and Levchenko, Kirill},
  journal={Financial Cryptography and Data Security},
  volume={5},
  number={9},
  pages={10},
  year={2011}
}

@inproceedings{wang2013rbridge,
  title={rBridge: User Reputation based Tor Bridge Distribution with Privacy Preservation.},
  author={Wang, Qiyan and Lin, Zi and Borisov, Nikita and Hopper, Nicholas},
  booktitle={NDSS},
  year={2013}
}

@article{ling2015tor,
  title={Tor bridge discovery: extensive analysis and large-scale empirical evaluation},
  author={Ling, Zhen and Luo, Junzhou and Yu, Wei and Yang, Ming and Fu, Xinwen},
  journal={IEEE Transactions on Parallel and Distributed Systems},
  volume={26},
  number={7},
  pages={1887--1899},
  year={2015},
  publisher={IEEE}
}

@article{fifield2016censors,
  title={Censors' Delay in Blocking Circumvention Proxies},
  author={Fifield, David and Tsai, Lynn},
  journal={arXiv preprint arXiv:1605.08808},
  year={2016}
}

@article{flajolet1992birthday,
  title={Birthday paradox, coupon collectors, caching algorithms and self-organizing search},
  author={Flajolet, Philippe and Gardy, Daniele and Thimonier, Lo{\"y}s},
  journal={Discrete Applied Mathematics},
  volume={39},
  number={3},
  pages={207--229},
  year={1992},
  publisher={Elsevier}
}

@inproceedings{berenbrink2000balanced,
  title={Balanced allocations: the heavily loaded case},
  author={Berenbrink, Petra and Czumaj, Artur and Steger, Angelika and Vocking, Berthold},
  booktitle={Annual ACM Symposium on Theory of Computing: Proceedings of the thirty-second annual ACM symposium on Theory of computing},
  volume={21},
  number={23},
  pages={745--754},
  year={2000}
}

@article{xu2011generalized,
  title={A generalized coupon collector problem},
  author={Xu, Weiyu and Tang, A Kevin},
  journal={Journal of Applied Probability},
  volume={48},
  number={4},
  pages={1081--1094},
  year={2011},
  publisher={Cambridge University Press}
}

@article{myers2006some,
  title={Some new aspects of the coupon collector's problem},
  author={Myers, Amy N and Wilf, Herbert S},
  journal={SIAM review},
  volume={48},
  number={3},
  pages={549--565},
  year={2006},
  publisher={SIAM}
}

@book{motwani1995randomized,
  title={Randomized algorithms},
  author={Motwani, Rajeev and Raghavan, Prabhakar},
  year={1995},
  publisher={Cambridge university press}
}

@phdthesis{Fifield2017a,
  author = {David Fifield},
  title = {Threat modeling and circumvention of Internet censorship},
  school = {University of California, Berkeley},
  month = dec,
  year = 2017,
  url = {https://www.bamsoftware.com/papers/thesis/},
}
@book{lateef1981repository,
  title={Repository of scales and melodic patterns},
  author={Lateef, Yesef A},
  year={1981},
  publisher={Fana Music}
}